{
    "info": {
        "Nasdaq_Traded": "Y",
        "Symbol": "AESE",
        "Security_Name": "Allied Esports Entertainment, Inc. - Common Stock",
        "Listing_Exchange": "Q",
        "Market_Category": "S",
        "ETF": "N",
        "Round_Lot_Size": "100.0",
        "Test_Issue": "N",
        "Financial_Status": "N",
        "CQS_Symbol": "",
        "NASDAQ_Symbol": "AESE",
        "NextShares": "N"
    },
    "history": [],
    "recommendationTrend": {
        "trend": [
            {
                "period": "0m",
                "strongBuy": 0,
                "buy": 0,
                "hold": 0,
                "sell": 0,
                "strongSell": 0
            },
            {
                "period": "-1m",
                "strongBuy": 0,
                "buy": 0,
                "hold": 1,
                "sell": 0,
                "strongSell": 0
            },
            {
                "period": "-2m",
                "strongBuy": 0,
                "buy": 0,
                "hold": 1,
                "sell": 0,
                "strongSell": 0
            },
            {
                "period": "-3m",
                "strongBuy": 0,
                "buy": 0,
                "hold": 0,
                "sell": 0,
                "strongSell": 0
            }
        ],
        "maxAge": 86400
    },
    "summaryDetail": {
        "maxAge": 1,
        "priceHint": 4,
        "previousClose": 1.36,
        "open": 1.35,
        "dayLow": 1.35,
        "dayHigh": 1.3899,
        "regularMarketPreviousClose": 1.36,
        "regularMarketOpen": 1.35,
        "regularMarketDayLow": 1.35,
        "regularMarketDayHigh": 1.3899,
        "payoutRatio": 0,
        "beta": 1.284673,
        "trailingPE": 0.86436564,
        "forwardPE": -5.5596,
        "volume": 37968,
        "regularMarketVolume": 37968,
        "averageVolume": 74078,
        "averageVolume10days": 177247,
        "averageDailyVolume10Day": 177247,
        "bid": 0,
        "ask": 0,
        "bidSize": 900,
        "askSize": 1100,
        "marketCap": 54324936,
        "fiftyTwoWeekLow": 0.88,
        "fiftyTwoWeekHigh": 2.03,
        "priceToSalesTrailing12Months": 7.6728997,
        "fiftyDayAverage": 1.192194,
        "twoHundredDayAverage": 1.432077,
        "trailingAnnualDividendRate": 0,
        "trailingAnnualDividendYield": 0,
        "currency": "USD",
        "fromCurrency": null,
        "toCurrency": null,
        "lastMarket": null,
        "coinMarketCapLink": null,
        "algorithm": null,
        "tradeable": false
    },
    "earnings": {
        "maxAge": 86400,
        "earningsChart": {
            "quarterly": [
                {
                    "date": "4Q2020",
                    "actual": -0.58,
                    "estimate": -0.15
                },
                {
                    "date": "1Q2021",
                    "actual": -0.1,
                    "estimate": -0.14
                },
                {
                    "date": "2Q2021",
                    "actual": -0.07,
                    "estimate": -0.12
                },
                {
                    "date": "3Q2021",
                    "actual": -0.18,
                    "estimate": -0.12
                }
            ],
            "currentQuarterEstimateDate": "4Q",
            "currentQuarterEstimateYear": 2021,
            "earningsDate": [
                1668632700
            ]
        },
        "financialsChart": {
            "yearly": [
                {
                    "date": 2018,
                    "revenue": 20603255,
                    "earnings": -30616098
                },
                {
                    "date": 2019,
                    "revenue": 7548363,
                    "earnings": -16738729
                },
                {
                    "date": 2020,
                    "revenue": 3210805,
                    "earnings": -45058830
                },
                {
                    "date": 2021,
                    "revenue": 4956040,
                    "earnings": 62865731
                }
            ],
            "quarterly": [
                {
                    "date": "4Q2021",
                    "revenue": 1944575,
                    "earnings": -5160107
                },
                {
                    "date": "1Q2022",
                    "revenue": 2412054,
                    "earnings": -3751197
                },
                {
                    "date": "2Q2022",
                    "revenue": 1157834,
                    "earnings": -3688951
                },
                {
                    "date": "3Q2022",
                    "revenue": 1565642,
                    "earnings": -1642231
                }
            ]
        },
        "financialCurrency": "USD"
    },
    "calendarEvents": {
        "maxAge": 1,
        "earnings": {
            "earningsDate": [
                1668632700
            ],
            "revenueAverage": 1945000,
            "revenueLow": 1000000,
            "revenueHigh": 1000000
        }
    },
    "upgradeDowngradeHistory": {
        "history": [
            {
                "epochGradeDate": "2021-05-25T16:08:27.000Z",
                "firm": "Colliers Securities",
                "toGrade": "Neutral",
                "fromGrade": "Buy",
                "action": "down"
            },
            {
                "epochGradeDate": "2019-12-18T11:13:12.000Z",
                "firm": "Stephens & Co.",
                "toGrade": "Overweight",
                "fromGrade": "",
                "action": "init"
            },
            {
                "epochGradeDate": "2019-12-11T13:39:53.000Z",
                "firm": "Dougherty & Co.",
                "toGrade": "Buy",
                "fromGrade": "",
                "action": "init"
            }
        ],
        "maxAge": 86400
    },
    "price": {
        "maxAge": 1,
        "preMarketSource": "FREE_REALTIME",
        "regularMarketChangePercent": 0.0219853,
        "regularMarketChange": 0.0299,
        "regularMarketTime": "2022-11-30T20:56:17.000Z",
        "priceHint": 4,
        "regularMarketPrice": 1.3899,
        "regularMarketDayHigh": 1.3899,
        "regularMarketDayLow": 1.35,
        "regularMarketVolume": 37968,
        "averageDailyVolume10Day": 177247,
        "averageDailyVolume3Month": 74078,
        "regularMarketPreviousClose": 1.36,
        "regularMarketSource": "DELAYED",
        "regularMarketOpen": 1.35,
        "exchange": "NCM",
        "exchangeName": "NasdaqCM",
        "exchangeDataDelayedBy": 0,
        "marketState": "CLOSED",
        "quoteType": "EQUITY",
        "symbol": "AESE",
        "underlyingSymbol": null,
        "shortName": "Allied Esports Entertainment, I",
        "longName": "Allied Esports Entertainment Inc.",
        "currency": "USD",
        "quoteSourceName": "Delayed Quote",
        "currencySymbol": "$",
        "fromCurrency": null,
        "toCurrency": null,
        "lastMarket": null,
        "marketCap": 54324936
    },
    "defaultKeyStatistics": {
        "maxAge": 1,
        "priceHint": 4,
        "enterpriseValue": -31068760,
        "profitMargins": -2.01162,
        "floatShares": 14919315,
        "sharesOutstanding": 39085500,
        "sharesShort": 119639,
        "sharesShortPriorMonth": 123812,
        "sharesShortPreviousMonthDate": 1665705600,
        "dateShortInterest": 1668470400,
        "sharesPercentSharesOut": 0.0031,
        "heldPercentInsiders": 0.56036997,
        "heldPercentInstitutions": 0.20706,
        "shortRatio": 2.19,
        "shortPercentOfFloat": 0.0069,
        "beta": 1.284673,
        "impliedSharesOutstanding": 0,
        "category": null,
        "bookValue": 2.308,
        "priceToBook": 0.6022097,
        "fundFamily": null,
        "legalType": null,
        "lastFiscalYearEnd": "2021-12-31T00:00:00.000Z",
        "nextFiscalYearEnd": "2023-12-31T00:00:00.000Z",
        "mostRecentQuarter": "2022-09-30T00:00:00.000Z",
        "netIncomeToCommon": -12837366,
        "trailingEps": 1.608,
        "forwardEps": -0.25,
        "lastSplitFactor": null,
        "enterpriseToRevenue": -4.388,
        "enterpriseToEbitda": 2.834,
        "52WeekChange": -0.460733,
        "SandP52WeekChange": -0.16598755
    },
    "summaryProfile": {
        "address1": "745 Fifth Avenue",
        "address2": "Suite 500",
        "city": "Irvine",
        "state": "CA",
        "zip": "10151",
        "country": "United States",
        "phone": "646 768 4241",
        "website": "https://www.alliedesportsent.com",
        "industry": "Entertainment",
        "sector": "Communication Services",
        "longBusinessSummary": "Allied Esports Entertainment Inc., a premier public esports and entertainment company, engages in the Allied Esports businesses worldwide. It operates esports properties to connect players and fans through a network of connected arenas; a flagship gaming arena located at the Luxor Hotel in Las Vegas, Nevada; a mobile esports truck that serves as a battleground and content generation hub; and a studio for recording and streaming gaming events. Allied Esports Entertainment Inc. was founded in 2018 and is based in Irvine, California.",
        "fullTimeEmployees": 88,
        "companyOfficers": [],
        "maxAge": 86400
    },
    "financialData": {
        "maxAge": 86400,
        "currentPrice": 1.3899,
        "recommendationMean": 3,
        "recommendationKey": "hold",
        "totalCash": 84225000,
        "totalCashPerShare": 2.155,
        "ebitda": -10963290,
        "totalDebt": 0,
        "quickRatio": 21.484,
        "currentRatio": 21.793,
        "totalRevenue": 7080105,
        "revenuePerShare": 0.181,
        "returnOnAssets": -0.07966,
        "returnOnEquity": -0.13245,
        "grossProfits": 1894809,
        "freeCashflow": 837532,
        "operatingCashflow": -10784648,
        "revenueGrowth": -0.071,
        "grossMargins": 0.36413,
        "ebitdaMargins": -1.5484599,
        "operatingMargins": -1.8448,
        "profitMargins": -2.01162,
        "financialCurrency": "USD"
    }
}