{
    "info": {
        "Nasdaq_Traded": "Y",
        "Symbol": "AIH",
        "Security_Name": "Aesthetic Medical International Holdings Group Ltd. - American Depositary Shares",
        "Listing_Exchange": "Q",
        "Market_Category": "G",
        "ETF": "N",
        "Round_Lot_Size": "100.0",
        "Test_Issue": "N",
        "Financial_Status": "N",
        "CQS_Symbol": "",
        "NASDAQ_Symbol": "AIH",
        "NextShares": "N"
    },
    "history": [],
    "recommendationTrend": {
        "trend": [
            {
                "period": "0m",
                "strongBuy": 0,
                "buy": 0,
                "hold": 0,
                "sell": 0,
                "strongSell": 0
            },
            {
                "period": "-1m",
                "strongBuy": 0,
                "buy": 0,
                "hold": 0,
                "sell": 0,
                "strongSell": 0
            },
            {
                "period": "-2m",
                "strongBuy": 0,
                "buy": 0,
                "hold": 0,
                "sell": 0,
                "strongSell": 0
            },
            {
                "period": "-3m",
                "strongBuy": 0,
                "buy": 0,
                "hold": 0,
                "sell": 0,
                "strongSell": 0
            }
        ],
        "maxAge": 86400
    },
    "summaryDetail": {
        "maxAge": 1,
        "priceHint": 4,
        "previousClose": 1.4,
        "open": 1.42,
        "dayLow": 1.36,
        "dayHigh": 1.44,
        "regularMarketPreviousClose": 1.4,
        "regularMarketOpen": 1.42,
        "regularMarketDayLow": 1.36,
        "regularMarketDayHigh": 1.44,
        "payoutRatio": 0,
        "beta": -0.353729,
        "forwardPE": 3.3170733,
        "volume": 3412,
        "regularMarketVolume": 3412,
        "averageVolume": 6801,
        "averageVolume10days": 10340,
        "averageDailyVolume10Day": 10340,
        "bid": 1.4,
        "ask": 1.45,
        "bidSize": 1200,
        "askSize": 1000,
        "marketCap": 42694752,
        "fiftyTwoWeekLow": 1.04,
        "fiftyTwoWeekHigh": 3.8,
        "priceToSalesTrailing12Months": 0.077734806,
        "fiftyDayAverage": 1.34434,
        "twoHundredDayAverage": 1.715575,
        "trailingAnnualDividendRate": 0,
        "trailingAnnualDividendYield": 0,
        "currency": "USD",
        "fromCurrency": null,
        "toCurrency": null,
        "lastMarket": null,
        "coinMarketCapLink": null,
        "algorithm": null,
        "tradeable": false
    },
    "earnings": {
        "maxAge": 86400,
        "earningsChart": {
            "quarterly": [
                {
                    "date": "1Q2020",
                    "actual": -0.39,
                    "estimate": 0.01
                },
                {
                    "date": "2Q2020",
                    "actual": -0.21,
                    "estimate": 0.07
                },
                {
                    "date": "3Q2020",
                    "actual": 0.02,
                    "estimate": 0.26
                },
                {
                    "date": "4Q2020",
                    "actual": -0.2,
                    "estimate": 0.1
                }
            ],
            "currentQuarterEstimateDate": "1Q",
            "currentQuarterEstimateYear": 2021,
            "earningsDate": [
                1669723200
            ]
        },
        "financialsChart": {
            "yearly": [
                {
                    "date": 2018,
                    "revenue": 761306000,
                    "earnings": -255237000
                },
                {
                    "date": 2019,
                    "revenue": 869050000,
                    "earnings": 136309000
                },
                {
                    "date": 2020,
                    "revenue": 901573000,
                    "earnings": -235479000
                },
                {
                    "date": 2021,
                    "revenue": 645593000,
                    "earnings": -586619000
                }
            ],
            "quarterly": [
                {
                    "date": "3Q2021",
                    "revenue": 167524000,
                    "earnings": -14654000
                },
                {
                    "date": "1Q2022",
                    "revenue": 160700000,
                    "earnings": -3225000
                },
                {
                    "date": "2Q2022",
                    "revenue": 177894000,
                    "earnings": -1396000
                },
                {
                    "date": "3Q2022",
                    "revenue": 167047000,
                    "earnings": -51568000
                }
            ]
        },
        "financialCurrency": "CNY"
    },
    "calendarEvents": {
        "maxAge": 1,
        "earnings": {
            "earningsDate": [
                1669723200
            ],
            "revenueAverage": 29249600
        }
    },
    "upgradeDowngradeHistory": {
        "history": [
            {
                "epochGradeDate": "2019-11-19T12:10:20.000Z",
                "firm": "Cantor Fitzgerald",
                "toGrade": "Overweight",
                "fromGrade": "",
                "action": "init"
            }
        ],
        "maxAge": 86400
    },
    "price": {
        "maxAge": 1,
        "preMarketSource": "FREE_REALTIME",
        "postMarketChangePercent": 0.066176504,
        "postMarketChange": 0.09,
        "postMarketTime": "2023-01-06T21:24:55.000Z",
        "postMarketPrice": 1.45,
        "postMarketSource": "FREE_REALTIME",
        "regularMarketChangePercent": -0.028571403,
        "regularMarketChange": -0.03999996,
        "regularMarketTime": "2023-01-06T20:56:30.000Z",
        "priceHint": 4,
        "regularMarketPrice": 1.36,
        "regularMarketDayHigh": 1.44,
        "regularMarketDayLow": 1.36,
        "regularMarketVolume": 3412,
        "averageDailyVolume10Day": 10340,
        "averageDailyVolume3Month": 6801,
        "regularMarketPreviousClose": 1.4,
        "regularMarketSource": "FREE_REALTIME",
        "regularMarketOpen": 1.42,
        "exchange": "NGM",
        "exchangeName": "NasdaqGM",
        "exchangeDataDelayedBy": 0,
        "marketState": "CLOSED",
        "quoteType": "EQUITY",
        "symbol": "AIH",
        "underlyingSymbol": null,
        "shortName": "Aesthetic Medical International",
        "longName": "Aesthetic Medical International Holdings Group Limited",
        "currency": "USD",
        "quoteSourceName": "Nasdaq Real Time Price",
        "currencySymbol": "$",
        "fromCurrency": null,
        "toCurrency": null,
        "lastMarket": null,
        "marketCap": 42694752
    },
    "defaultKeyStatistics": {
        "maxAge": 1,
        "priceHint": 4,
        "enterpriseValue": 437673472,
        "forwardPE": 3.3170733,
        "profitMargins": -0.66080004,
        "floatShares": 9461439,
        "sharesOutstanding": 31393200,
        "sharesShort": 36583,
        "sharesShortPriorMonth": 39975,
        "sharesShortPreviousMonthDate": 1668470400,
        "dateShortInterest": 1671062400,
        "sharesPercentSharesOut": 0.0011999999,
        "heldPercentInsiders": 0,
        "heldPercentInstitutions": 0.02184,
        "shortRatio": 4.98,
        "beta": -0.353729,
        "impliedSharesOutstanding": 0,
        "category": null,
        "bookValue": -2.25,
        "fundFamily": null,
        "legalType": null,
        "lastFiscalYearEnd": "2021-12-31T00:00:00.000Z",
        "nextFiscalYearEnd": "2023-12-31T00:00:00.000Z",
        "mostRecentQuarter": "2022-09-30T00:00:00.000Z",
        "netIncomeToCommon": -362936992,
        "trailingEps": -3.981,
        "forwardEps": 0.41,
        "lastSplitFactor": null,
        "enterpriseToRevenue": 0.797,
        "enterpriseToEbitda": -2.558,
        "52WeekChange": -0.6294278,
        "SandP52WeekChange": -0.16598755
    },
    "summaryProfile": {
        "address1": "1122 Nanshan Boulevard",
        "address2": "Nanshan District",
        "city": "Shenzhen",
        "zip": "518052",
        "country": "China",
        "phone": "86 75 525 598065",
        "website": "https://ir.aihgroup.net",
        "industry": "Medical Care Facilities",
        "sector": "Healthcare",
        "longBusinessSummary": "Aesthetic Medical International Holdings Group Limited provides aesthetic medical services. It offers surgical aesthetic treatments, such as eye surgery, rhinoplasty, breast augmentation, and liposuction; and non-surgical aesthetic treatments comprising minimally invasive and energy-based treatments, including laser, ultrasound, and ultraviolet light treatments. The company also provides general healthcare and other aesthetic medical services, such as internal medicine, urology, gynecology, and obstetrics treatment services, as well as dentistry, dermatology, and hair loss treatment services. It operates 15 treatment centers in China, Hong Kong, and Singapore. Aesthetic Medical International Holdings Group Limited was founded in 1997 and is headquartered in Shenzhen, the People's Republic of China.",
        "fullTimeEmployees": 1451,
        "companyOfficers": [],
        "maxAge": 86400
    },
    "financialData": {
        "maxAge": 86400,
        "currentPrice": 1.36,
        "targetHighPrice": 8.93,
        "targetLowPrice": 8.93,
        "targetMeanPrice": 8.93,
        "targetMedianPrice": 8.93,
        "recommendationMean": 2,
        "recommendationKey": "buy",
        "numberOfAnalystOpinions": 1,
        "totalCash": 20446000,
        "totalCashPerShare": 0.488,
        "ebitda": -171080000,
        "totalDebt": 428055008,
        "quickRatio": 0.139,
        "currentRatio": 0.209,
        "totalRevenue": 549235968,
        "revenuePerShare": 24.053,
        "returnOnAssets": -0.32211,
        "grossProfits": 269501000,
        "revenueGrowth": -0.003,
        "grossMargins": 0.39745,
        "ebitdaMargins": -0.31149,
        "operatingMargins": -0.45024,
        "profitMargins": -0.66080004,
        "financialCurrency": "CNY"
    }
}