{
    "info": {
        "Nasdaq_Traded": "Y",
        "Symbol": "ALIM",
        "Security_Name": "Alimera Sciences, Inc. - Common Stock",
        "Listing_Exchange": "Q",
        "Market_Category": "G",
        "ETF": "N",
        "Round_Lot_Size": "100.0",
        "Test_Issue": "N",
        "Financial_Status": "N",
        "CQS_Symbol": "",
        "NASDAQ_Symbol": "ALIM",
        "NextShares": "N"
    },
    "history": [],
    "recommendationTrend": {
        "trend": [
            {
                "period": "0m",
                "strongBuy": 0,
                "buy": 4,
                "hold": 0,
                "sell": 0,
                "strongSell": 0
            },
            {
                "period": "-1m",
                "strongBuy": 0,
                "buy": 3,
                "hold": 0,
                "sell": 0,
                "strongSell": 0
            },
            {
                "period": "-2m",
                "strongBuy": 0,
                "buy": 3,
                "hold": 0,
                "sell": 0,
                "strongSell": 0
            },
            {
                "period": "-3m",
                "strongBuy": 0,
                "buy": 4,
                "hold": 0,
                "sell": 0,
                "strongSell": 0
            }
        ],
        "maxAge": 86400
    },
    "summaryDetail": {
        "maxAge": 1,
        "priceHint": 4,
        "previousClose": 2.82,
        "open": 2.77,
        "dayLow": 2.6,
        "dayHigh": 2.83,
        "regularMarketPreviousClose": 2.82,
        "regularMarketOpen": 2.77,
        "regularMarketDayLow": 2.6,
        "regularMarketDayHigh": 2.83,
        "payoutRatio": 0,
        "beta": 1.411569,
        "forwardPE": -8.575757,
        "volume": 4549,
        "regularMarketVolume": 4549,
        "averageVolume": 14041,
        "averageVolume10days": 10630,
        "averageDailyVolume10Day": 10630,
        "bid": 2.22,
        "ask": 2.85,
        "bidSize": 800,
        "askSize": 900,
        "marketCap": 19634964,
        "fiftyTwoWeekLow": 2.03,
        "fiftyTwoWeekHigh": 7.92,
        "priceToSalesTrailing12Months": 0.37318897,
        "fiftyDayAverage": 3.679,
        "twoHundredDayAverage": 5.25043,
        "currency": "USD",
        "fromCurrency": null,
        "lastMarket": null,
        "algorithm": null,
        "tradeable": false
    },
    "earnings": {
        "maxAge": 86400,
        "earningsChart": {
            "quarterly": [
                {
                    "date": "3Q2021",
                    "actual": -0.6,
                    "estimate": -0.52
                },
                {
                    "date": "4Q2021",
                    "actual": -0.59,
                    "estimate": -0.42
                },
                {
                    "date": "1Q2022",
                    "actual": -0.85,
                    "estimate": -0.69
                },
                {
                    "date": "2Q2022",
                    "actual": -0.45,
                    "estimate": -0.55
                }
            ],
            "currentQuarterEstimate": -0.4,
            "currentQuarterEstimateDate": "3Q",
            "currentQuarterEstimateYear": 2022,
            "earningsDate": [
                1677024000,
                1677456000
            ]
        },
        "financialsChart": {
            "yearly": [
                {
                    "date": 2018,
                    "revenue": 46599000,
                    "earnings": 21948000
                },
                {
                    "date": 2019,
                    "revenue": 53943000,
                    "earnings": -10443000
                },
                {
                    "date": 2020,
                    "revenue": 50820000,
                    "earnings": -5339000
                },
                {
                    "date": 2021,
                    "revenue": 59029000,
                    "earnings": -4372000
                }
            ],
            "quarterly": [
                {
                    "date": "3Q2021",
                    "revenue": 12153000,
                    "earnings": -4183000
                },
                {
                    "date": "4Q2021",
                    "revenue": 13959000,
                    "earnings": -4106000
                },
                {
                    "date": "1Q2022",
                    "revenue": 11898000,
                    "earnings": -5955000
                },
                {
                    "date": "2Q2022",
                    "revenue": 14604000,
                    "earnings": -3115000
                }
            ]
        },
        "financialCurrency": "USD"
    },
    "calendarEvents": {
        "maxAge": 1,
        "earnings": {
            "earningsDate": [
                1677024000,
                1677456000
            ],
            "earningsAverage": -0.4,
            "earningsLow": -0.43,
            "earningsHigh": -0.37,
            "revenueAverage": 15170000,
            "revenueLow": 14900000,
            "revenueHigh": 15600000
        },
        "dividendDate": "2019-11-15T00:00:00.000Z"
    },
    "upgradeDowngradeHistory": {
        "history": [
            {
                "epochGradeDate": "2022-07-28T00:00:00.000Z",
                "firm": "HC Wainwright & Co.",
                "toGrade": "Buy",
                "fromGrade": "",
                "action": "main"
            },
            {
                "epochGradeDate": "2022-05-10T00:00:00.000Z",
                "firm": "HC Wainwright & Co.",
                "toGrade": "Buy",
                "fromGrade": "",
                "action": "main"
            },
            {
                "epochGradeDate": "2022-02-25T00:00:00.000Z",
                "firm": "HC Wainwright & Co.",
                "toGrade": "Buy",
                "fromGrade": "",
                "action": "main"
            },
            {
                "epochGradeDate": "2021-08-16T00:00:00.000Z",
                "firm": "HC Wainwright & Co.",
                "toGrade": "Buy",
                "fromGrade": "",
                "action": "main"
            },
            {
                "epochGradeDate": "2021-04-15T00:00:00.000Z",
                "firm": "HC Wainwright & Co.",
                "toGrade": "Buy",
                "fromGrade": "",
                "action": "main"
            },
            {
                "epochGradeDate": "2020-04-14T00:00:00.000Z",
                "firm": "HC Wainwright & Co.",
                "toGrade": "Buy",
                "fromGrade": "",
                "action": "reit"
            },
            {
                "epochGradeDate": "2020-04-07T00:00:00.000Z",
                "firm": "B. Riley Securities",
                "toGrade": "Buy",
                "fromGrade": "",
                "action": "main"
            },
            {
                "epochGradeDate": "2019-11-18T00:00:00.000Z",
                "firm": "HC Wainwright & Co.",
                "toGrade": "Buy",
                "fromGrade": "",
                "action": "main"
            },
            {
                "epochGradeDate": "2019-10-31T00:00:00.000Z",
                "firm": "HC Wainwright & Co.",
                "toGrade": "Buy",
                "fromGrade": "",
                "action": "main"
            },
            {
                "epochGradeDate": "2019-05-28T00:00:00.000Z",
                "firm": "Craig-Hallum",
                "toGrade": "Buy",
                "fromGrade": "",
                "action": "init"
            },
            {
                "epochGradeDate": "2018-06-29T00:00:00.000Z",
                "firm": "B. Riley Securities",
                "toGrade": "Buy",
                "fromGrade": "",
                "action": "init"
            },
            {
                "epochGradeDate": "2017-04-27T00:00:00.000Z",
                "firm": "Rodman & Renshaw",
                "toGrade": "Buy",
                "fromGrade": "",
                "action": "init"
            },
            {
                "epochGradeDate": "2016-09-16T00:00:00.000Z",
                "firm": "Cowen & Co.",
                "toGrade": "Outperform",
                "fromGrade": "Market Perform",
                "action": "up"
            },
            {
                "epochGradeDate": "2016-05-06T00:00:00.000Z",
                "firm": "Cowen & Co.",
                "toGrade": "Market Perform",
                "fromGrade": "Outperform",
                "action": "down"
            },
            {
                "epochGradeDate": "2016-03-04T00:00:00.000Z",
                "firm": "Cantor Fitzgerald",
                "toGrade": "Buy",
                "fromGrade": "",
                "action": "main"
            },
            {
                "epochGradeDate": "2016-01-19T00:00:00.000Z",
                "firm": "Cantor Fitzgerald",
                "toGrade": "Buy",
                "fromGrade": "",
                "action": "main"
            },
            {
                "epochGradeDate": "2014-11-17T00:00:00.000Z",
                "firm": "Summer Street",
                "toGrade": "Buy",
                "fromGrade": "",
                "action": "init"
            },
            {
                "epochGradeDate": "2013-10-28T00:00:00.000Z",
                "firm": "Cowen & Co.",
                "toGrade": "Outperform",
                "fromGrade": "Market Perform",
                "action": "up"
            },
            {
                "epochGradeDate": "2013-10-07T00:00:00.000Z",
                "firm": "Northland Capital Markets",
                "toGrade": "Outperform",
                "fromGrade": "",
                "action": "up"
            },
            {
                "epochGradeDate": "2012-11-30T00:00:00.000Z",
                "firm": "Oppenheimer",
                "toGrade": "Outperform",
                "fromGrade": "",
                "action": "main"
            }
        ],
        "maxAge": 86400
    },
    "price": {
        "maxAge": 1,
        "preMarketSource": "FREE_REALTIME",
        "regularMarketChangePercent": 0.0035460957,
        "regularMarketChange": 0.00999999,
        "regularMarketTime": "2023-01-06T20:46:40.000Z",
        "priceHint": 4,
        "regularMarketPrice": 2.83,
        "regularMarketDayHigh": 2.83,
        "regularMarketDayLow": 2.6,
        "regularMarketVolume": 4549,
        "averageDailyVolume10Day": 10630,
        "averageDailyVolume3Month": 14041,
        "regularMarketPreviousClose": 2.82,
        "regularMarketSource": "FREE_REALTIME",
        "regularMarketOpen": 2.77,
        "exchange": "NGM",
        "exchangeName": "NasdaqGM",
        "exchangeDataDelayedBy": 0,
        "marketState": "CLOSED",
        "quoteType": "EQUITY",
        "symbol": "ALIM",
        "underlyingSymbol": null,
        "shortName": "Alimera Sciences, Inc.",
        "longName": "Alimera Sciences, Inc.",
        "currency": "USD",
        "quoteSourceName": "Delayed Quote",
        "currencySymbol": "$",
        "fromCurrency": null,
        "lastMarket": null,
        "marketCap": 19634964
    },
    "defaultKeyStatistics": {
        "maxAge": 1,
        "priceHint": 4,
        "enterpriseValue": 95039704,
        "forwardPE": -4.716666,
        "profitMargins": -0.32993,
        "floatShares": 5168666,
        "sharesOutstanding": 6938150,
        "sharesShort": 21596,
        "sharesShortPriorMonth": 21192,
        "sharesShortPreviousMonthDate": 1663200000,
        "dateShortInterest": 1665705600,
        "sharesPercentSharesOut": 0.0031,
        "heldPercentInsiders": 0.19769,
        "heldPercentInstitutions": 0.29542,
        "shortRatio": 3.54,
        "shortPercentOfFloat": 0.0047999998,
        "beta": 1.411569,
        "category": null,
        "bookValue": -5.419,
        "fundFamily": null,
        "legalType": null,
        "lastFiscalYearEnd": "2021-12-31T00:00:00.000Z",
        "nextFiscalYearEnd": "2023-12-31T00:00:00.000Z",
        "mostRecentQuarter": "2022-06-30T00:00:00.000Z",
        "netIncomeToCommon": -17359000,
        "trailingEps": -1.466,
        "forwardEps": -0.33,
        "lastSplitFactor": "1:15",
        "lastSplitDate": "2019-11-15T00:00:00.000Z",
        "enterpriseToRevenue": 1.806,
        "enterpriseToEbitda": -11.551
    },
    "summaryProfile": {
        "address1": "6310 Town Square",
        "address2": "Suite 400",
        "city": "Alpharetta",
        "state": "GA",
        "zip": "30005",
        "country": "United States",
        "phone": "678 990 5740",
        "fax": "678 990 5744",
        "website": "https://alimerasciences.com",
        "industry": "Drug Manufacturersâ€”Specialty & Generic",
        "sector": "Healthcare",
        "longBusinessSummary": "Alimera Sciences, Inc., a pharmaceutical company, engages in the development and commercialization of ophthalmic pharmaceuticals in the United States and internationally. It offers ILUVIEN, an intravitreal implant for the treatment of diabetic macular edema (DME), which is a disease of the retina that affects individuals with diabetes and lead to severe vision loss and blindness; and to prevent relapse in recurrent non-infectious uveitis affecting the posterior segment of the eye. The company sells its products to physician offices, pharmacies, and hospitals through direct sales and distributors. It has a collaboration agreement with EyePoint Pharmaceuticals US, Inc. for the development and sale of insert technology to deliver other corticosteroids to the back of the eye for the treatment and prevention of eye diseases in humans or to treat diabetic macular edema. The company was incorporated in 2003 and is headquartered in Alpharetta, Georgia.",
        "fullTimeEmployees": 145,
        "companyOfficers": [],
        "maxAge": 86400
    },
    "financialData": {
        "maxAge": 86400,
        "currentPrice": 2.83,
        "targetHighPrice": 18,
        "targetLowPrice": 9,
        "targetMeanPrice": 12.67,
        "targetMedianPrice": 11,
        "recommendationMean": 2,
        "recommendationKey": "buy",
        "numberOfAnalystOpinions": 3,
        "totalCash": 7859000,
        "totalCashPerShare": 1.123,
        "ebitda": -8228000,
        "totalDebt": 46849000,
        "quickRatio": 1.108,
        "currentRatio": 1.3,
        "totalRevenue": 52614000,
        "revenuePerShare": 7.895,
        "returnOnAssets": -0.12417,
        "grossProfits": 51999000,
        "freeCashflow": -13361125,
        "operatingCashflow": -15226000,
        "revenueGrowth": -0.327,
        "grossMargins": 0.85743,
        "ebitdaMargins": -0.15638,
        "operatingMargins": -0.20707001,
        "profitMargins": -0.32993,
        "financialCurrency": "USD"
    }
}