{
    "info": {
        "Nasdaq_Traded": "Y",
        "Symbol": "AP",
        "Security_Name": "Ampco-Pittsburgh Corporation Common Stock",
        "Listing_Exchange": "N",
        "Market_Category": "",
        "ETF": "N",
        "Round_Lot_Size": "100.0",
        "Test_Issue": "N",
        "Financial_Status": "",
        "CQS_Symbol": "AP",
        "NASDAQ_Symbol": "AP",
        "NextShares": "N"
    },
    "history": [],
    "recommendationTrend": {
        "trend": [
            {
                "period": "0m",
                "strongBuy": 1,
                "buy": 0,
                "hold": 0,
                "sell": 0,
                "strongSell": 0
            },
            {
                "period": "-1m",
                "strongBuy": 0,
                "buy": 0,
                "hold": 1,
                "sell": 0,
                "strongSell": 0
            },
            {
                "period": "-2m",
                "strongBuy": 0,
                "buy": 0,
                "hold": 1,
                "sell": 0,
                "strongSell": 0
            },
            {
                "period": "-3m",
                "strongBuy": 1,
                "buy": 0,
                "hold": 0,
                "sell": 0,
                "strongSell": 0
            }
        ],
        "maxAge": 86400
    },
    "summaryDetail": {
        "maxAge": 1,
        "priceHint": 4,
        "previousClose": 2.7701,
        "open": 2.78,
        "dayLow": 2.7606,
        "dayHigh": 2.86,
        "regularMarketPreviousClose": 2.7701,
        "regularMarketOpen": 2.78,
        "regularMarketDayLow": 2.7606,
        "regularMarketDayHigh": 2.86,
        "exDividendDate": "2017-04-11T00:00:00.000Z",
        "payoutRatio": 0,
        "beta": 0.988577,
        "trailingPE": 5.2037034,
        "forwardPE": 12.217391,
        "volume": 13397,
        "regularMarketVolume": 13397,
        "averageVolume": 63362,
        "averageVolume10days": 47160,
        "averageDailyVolume10Day": 47160,
        "bid": 0,
        "ask": 0,
        "bidSize": 1400,
        "askSize": 800,
        "marketCap": 53653576,
        "fiftyTwoWeekLow": 2.26,
        "fiftyTwoWeekHigh": 6.67,
        "priceToSalesTrailing12Months": 0.14792825,
        "fiftyDayAverage": 2.9242,
        "twoHundredDayAverage": 4.03535,
        "trailingAnnualDividendRate": 0,
        "trailingAnnualDividendYield": 0,
        "currency": "USD",
        "fromCurrency": null,
        "lastMarket": null,
        "algorithm": null,
        "tradeable": false
    },
    "earnings": {
        "maxAge": 86400,
        "earningsChart": {
            "quarterly": [
                {
                    "date": "1Q2020",
                    "actual": 0.33,
                    "estimate": 0.11
                },
                {
                    "date": "2Q2020",
                    "actual": 0.05,
                    "estimate": -0.48
                },
                {
                    "date": "3Q2020",
                    "actual": 0.07,
                    "estimate": 0.06
                },
                {
                    "date": "4Q2020",
                    "actual": 0.13,
                    "estimate": 0.05
                }
            ],
            "currentQuarterEstimateDate": "1Q",
            "currentQuarterEstimateYear": 2021,
            "earningsDate": [
                1678752000,
                1679270400
            ]
        },
        "financialsChart": {
            "yearly": [
                {
                    "date": 2018,
                    "revenue": 419432000,
                    "earnings": -69335000
                },
                {
                    "date": 2019,
                    "revenue": 397904000,
                    "earnings": -20986000
                },
                {
                    "date": 2020,
                    "revenue": 328544000,
                    "earnings": 7970000
                },
                {
                    "date": 2021,
                    "revenue": 344920000,
                    "earnings": -12695000
                }
            ],
            "quarterly": [
                {
                    "date": "3Q2021",
                    "revenue": 81185000,
                    "earnings": -1589000
                },
                {
                    "date": "4Q2021",
                    "revenue": 84507000,
                    "earnings": -12336000
                },
                {
                    "date": "1Q2022",
                    "revenue": 94426000,
                    "earnings": 1645000
                },
                {
                    "date": "2Q2022",
                    "revenue": 102582000,
                    "earnings": 403000
                }
            ]
        },
        "financialCurrency": "USD"
    },
    "calendarEvents": {
        "maxAge": 1,
        "earnings": {
            "earningsDate": [
                1678752000,
                1679270400
            ],
            "revenueAverage": 84900000,
            "revenueLow": 84900000,
            "revenueHigh": 84900000
        },
        "exDividendDate": "2017-04-11T00:00:00.000Z",
        "dividendDate": "2017-04-28T00:00:00.000Z"
    },
    "upgradeDowngradeHistory": {
        "history": [
            {
                "epochGradeDate": "2018-08-13T00:00:00.000Z",
                "firm": "Janney Montgomery Scott",
                "toGrade": "Neutral",
                "fromGrade": "Buy",
                "action": "down"
            },
            {
                "epochGradeDate": "2017-08-09T00:00:00.000Z",
                "firm": "Janney Montgomery Scott",
                "toGrade": "Buy",
                "fromGrade": "Neutral",
                "action": "up"
            },
            {
                "epochGradeDate": "2017-01-18T00:00:00.000Z",
                "firm": "Janney Montgomery Scott",
                "toGrade": "Neutral",
                "fromGrade": "",
                "action": "init"
            }
        ],
        "maxAge": 86400
    },
    "price": {
        "maxAge": 1,
        "preMarketSource": "DELAYED",
        "regularMarketChangePercent": 0.0144037,
        "regularMarketChange": 0.0398998,
        "regularMarketTime": "2023-01-06T20:55:39.000Z",
        "priceHint": 4,
        "regularMarketPrice": 2.81,
        "regularMarketDayHigh": 2.86,
        "regularMarketDayLow": 2.7606,
        "regularMarketVolume": 13397,
        "averageDailyVolume10Day": 47160,
        "averageDailyVolume3Month": 63362,
        "regularMarketPreviousClose": 2.7701,
        "regularMarketSource": "FREE_REALTIME",
        "regularMarketOpen": 2.78,
        "exchange": "NYQ",
        "exchangeName": "NYSE",
        "exchangeDataDelayedBy": 0,
        "marketState": "CLOSED",
        "quoteType": "EQUITY",
        "symbol": "AP",
        "underlyingSymbol": null,
        "shortName": "Ampco-Pittsburgh Corporation",
        "longName": "Ampco-Pittsburgh Corporation",
        "currency": "USD",
        "quoteSourceName": "Delayed Quote",
        "currencySymbol": "$",
        "fromCurrency": null,
        "lastMarket": null,
        "marketCap": 53653576
    },
    "defaultKeyStatistics": {
        "maxAge": 1,
        "priceHint": 4,
        "enterpriseValue": 158326464,
        "profitMargins": -0.03275,
        "floatShares": 12970476,
        "sharesOutstanding": 19093800,
        "sharesShort": 610478,
        "sharesShortPriorMonth": 610683,
        "sharesShortPreviousMonthDate": 1663200000,
        "dateShortInterest": 1665705600,
        "sharesPercentSharesOut": 0.0315,
        "heldPercentInsiders": 0.24271,
        "heldPercentInstitutions": 0.55662996,
        "shortRatio": 56.54,
        "shortPercentOfFloat": 0.0547,
        "beta": 0.988577,
        "category": null,
        "bookValue": 4.181,
        "priceToBook": 0.67208797,
        "fundFamily": null,
        "legalType": null,
        "lastFiscalYearEnd": "2021-12-31T00:00:00.000Z",
        "nextFiscalYearEnd": "2023-12-31T00:00:00.000Z",
        "mostRecentQuarter": "2022-06-30T00:00:00.000Z",
        "earningsQuarterlyGrowth": -0.621,
        "netIncomeToCommon": -11877000,
        "trailingEps": 0.54,
        "forwardEps": 0.23,
        "lastSplitFactor": "4:3",
        "lastSplitDate": "1981-02-02T00:00:00.000Z",
        "enterpriseToRevenue": 0.437,
        "enterpriseToEbitda": 8.42
    },
    "summaryProfile": {
        "address1": "726 Bell Avenue",
        "address2": "Suite 301",
        "city": "Carnegie",
        "state": "PA",
        "zip": "15106",
        "country": "United States",
        "phone": "412 456 4400",
        "website": "https://ampcopgh.com",
        "industry": "Metal Fabrication",
        "sector": "Industrials",
        "longBusinessSummary": "Ampco-Pittsburgh Corporation, together with its subsidiaries, engages in manufacture and sale of specialty metal products and customized equipment to commercial and industrial users worldwide. It operates in two segments, Forged and Cast Engineered Products (FCEG); and Air and Liquid Processing. The FCEG segment produces forged hardened steel rolls that are used in cold rolling mills by producers of steel, aluminum, and other metals; cast rolls for hot and cold strip, medium/heavy section, hot strip finishing, roughing, and plate mills in various iron and steel qualities; and forged engineered products for use in the steel distribution, oil and gas, and aluminum and plastic extrusion industries. This segment also offers forged rolls for cluster and Z-Hi mills; work rolls for narrow and wide strip and aluminum mills; back-up rolls for narrow strip mills; leveling rolls and shafts; and distributes tool steels, alloys, and carbon round bars. The Air and Liquid Processing segment produces custom-engineered finned tube heat exchange coils and related heat transfer products for various industries, including OEM/commercial, nuclear power generation, and industrial manufacturing; and custom-designed air handling systems for institutional, pharmaceutical, and general industrial building markets. This segment also provides centrifugal pumps the fossil-fueled power generation, marine defense, and industrial refrigeration industries. The company was incorporated in 1929 and is headquartered in Carnegie, Pennsylvania.",
        "fullTimeEmployees": 1485,
        "companyOfficers": [],
        "maxAge": 86400
    },
    "financialData": {
        "maxAge": 86400,
        "currentPrice": 2.81,
        "recommendationKey": "none",
        "totalCash": 7372000,
        "totalCashPerShare": 0.38,
        "ebitda": 18804000,
        "totalDebt": 93566000,
        "quickRatio": 0.85,
        "currentRatio": 1.672,
        "totalRevenue": 362700000,
        "debtToEquity": 111.843,
        "revenuePerShare": 18.924,
        "returnOnAssets": 0.00159,
        "returnOnEquity": -0.1317,
        "grossProfits": 57281000,
        "freeCashflow": -20370876,
        "operatingCashflow": -36145000,
        "earningsGrowth": -0.6,
        "revenueGrowth": 0.11,
        "grossMargins": 0.14826,
        "ebitdaMargins": 0.05184,
        "operatingMargins": 0.00341,
        "profitMargins": -0.03275,
        "financialCurrency": "USD"
    }
}