{
    "info": {
        "Nasdaq_Traded": "Y",
        "Symbol": "ATNI",
        "Security_Name": "ATN International, Inc. - Common Stock",
        "Listing_Exchange": "Q",
        "Market_Category": "Q",
        "ETF": "N",
        "Round_Lot_Size": "100.0",
        "Test_Issue": "N",
        "Financial_Status": "N",
        "CQS_Symbol": "",
        "NASDAQ_Symbol": "ATNI",
        "NextShares": "N"
    },
    "history": [],
    "recommendationTrend": {
        "trend": [
            {
                "period": "0m",
                "strongBuy": 0,
                "buy": 2,
                "hold": 2,
                "sell": 0,
                "strongSell": 0
            },
            {
                "period": "-1m",
                "strongBuy": 1,
                "buy": 2,
                "hold": 0,
                "sell": 0,
                "strongSell": 0
            },
            {
                "period": "-2m",
                "strongBuy": 1,
                "buy": 2,
                "hold": 0,
                "sell": 0,
                "strongSell": 0
            },
            {
                "period": "-3m",
                "strongBuy": 1,
                "buy": 2,
                "hold": 1,
                "sell": 0,
                "strongSell": 0
            }
        ],
        "maxAge": 86400
    },
    "summaryDetail": {
        "maxAge": 1,
        "priceHint": 2,
        "previousClose": 45.59,
        "open": 46.2,
        "dayLow": 46.2,
        "dayHigh": 46.92,
        "regularMarketPreviousClose": 45.59,
        "regularMarketOpen": 46.2,
        "regularMarketDayLow": 46.2,
        "regularMarketDayHigh": 46.92,
        "dividendRate": 0.68,
        "dividendYield": 0.0173,
        "exDividendDate": "2022-09-29T00:00:00.000Z",
        "fiveYearAvgDividendYield": 1.39,
        "beta": 0.292925,
        "forwardPE": -47.0404,
        "volume": 20413,
        "regularMarketVolume": 20413,
        "averageVolume": 49338,
        "averageVolume10days": 36250,
        "averageDailyVolume10Day": 36250,
        "bid": 18.67,
        "ask": 74.67,
        "bidSize": 900,
        "askSize": 1100,
        "marketCap": 736914368,
        "fiftyTwoWeekLow": 32.07,
        "fiftyTwoWeekHigh": 50.45,
        "priceToSalesTrailing12Months": 1.0216447,
        "fiftyDayAverage": 46.0318,
        "twoHundredDayAverage": 43.6898,
        "trailingAnnualDividendRate": 0.51,
        "trailingAnnualDividendYield": 0.011186663,
        "currency": "USD",
        "fromCurrency": null,
        "lastMarket": null,
        "algorithm": null,
        "tradeable": false
    },
    "earnings": {
        "maxAge": 86400,
        "earningsChart": {
            "quarterly": [
                {
                    "date": "4Q2021",
                    "actual": -1.6,
                    "estimate": 0.07
                },
                {
                    "date": "1Q2022",
                    "actual": -0.13,
                    "estimate": -0.08
                },
                {
                    "date": "2Q2022",
                    "actual": -0.11,
                    "estimate": -0.02
                },
                {
                    "date": "3Q2022",
                    "actual": -0.25,
                    "estimate": -0.14
                }
            ],
            "currentQuarterEstimate": 0.03,
            "currentQuarterEstimateDate": "4Q",
            "currentQuarterEstimateYear": 2022,
            "earningsDate": [
                1676937600,
                1677456000
            ]
        },
        "financialsChart": {
            "yearly": [
                {
                    "date": 2018,
                    "revenue": 451207000,
                    "earnings": 19815000
                },
                {
                    "date": 2019,
                    "revenue": 438722000,
                    "earnings": -10806000
                },
                {
                    "date": 2020,
                    "revenue": 455444000,
                    "earnings": -14122000
                },
                {
                    "date": 2021,
                    "revenue": 602707000,
                    "earnings": -22108000
                }
            ],
            "quarterly": [
                {
                    "date": "4Q2021",
                    "revenue": 187572000,
                    "earnings": -24211000
                },
                {
                    "date": "1Q2022",
                    "revenue": 172019000,
                    "earnings": -948000
                },
                {
                    "date": "2Q2022",
                    "revenue": 179497000,
                    "earnings": -525000
                },
                {
                    "date": "3Q2022",
                    "revenue": 182213000,
                    "earnings": -2783000
                }
            ]
        },
        "financialCurrency": "USD"
    },
    "calendarEvents": {
        "maxAge": 1,
        "earnings": {
            "earningsDate": [
                1676937600,
                1677456000
            ],
            "earningsAverage": 0.03,
            "earningsLow": 0.02,
            "earningsHigh": 0.03,
            "revenueAverage": 186190000,
            "revenueLow": 182040000,
            "revenueHigh": 189200000
        },
        "exDividendDate": "2022-09-29T00:00:00.000Z",
        "dividendDate": "2023-01-06T00:00:00.000Z"
    },
    "upgradeDowngradeHistory": {
        "history": [
            {
                "epochGradeDate": "2021-10-29T00:00:00.000Z",
                "firm": "Raymond James",
                "toGrade": "Outperform",
                "fromGrade": "",
                "action": "main"
            },
            {
                "epochGradeDate": "2021-03-01T00:00:00.000Z",
                "firm": "Raymond James",
                "toGrade": "Outperform",
                "fromGrade": "",
                "action": "main"
            },
            {
                "epochGradeDate": "2020-11-30T00:00:00.000Z",
                "firm": "Raymond James",
                "toGrade": "Outperform",
                "fromGrade": "",
                "action": "main"
            },
            {
                "epochGradeDate": "2020-10-30T00:00:00.000Z",
                "firm": "Raymond James",
                "toGrade": "Outperform",
                "fromGrade": "Market Perform",
                "action": "up"
            },
            {
                "epochGradeDate": "2020-10-29T00:00:00.000Z",
                "firm": "Sidoti & Co.",
                "toGrade": "Buy",
                "fromGrade": "",
                "action": "main"
            },
            {
                "epochGradeDate": "2020-04-22T00:00:00.000Z",
                "firm": "Raymond James",
                "toGrade": "Market Perform",
                "fromGrade": "Outperform",
                "action": "down"
            },
            {
                "epochGradeDate": "2019-10-25T00:00:00.000Z",
                "firm": "Raymond James",
                "toGrade": "Outperform",
                "fromGrade": "",
                "action": "main"
            },
            {
                "epochGradeDate": "2019-08-26T00:00:00.000Z",
                "firm": "BWS Financial",
                "toGrade": "Buy",
                "fromGrade": "Sell",
                "action": "up"
            },
            {
                "epochGradeDate": "2019-02-22T00:00:00.000Z",
                "firm": "Maxim Group",
                "toGrade": "Buy",
                "fromGrade": "Hold",
                "action": "up"
            },
            {
                "epochGradeDate": "2018-12-04T00:00:00.000Z",
                "firm": "Maxim Group",
                "toGrade": "Hold",
                "fromGrade": "",
                "action": "init"
            },
            {
                "epochGradeDate": "2018-07-27T00:00:00.000Z",
                "firm": "Raymond James",
                "toGrade": "Market Perform",
                "fromGrade": "Outperform",
                "action": "down"
            },
            {
                "epochGradeDate": "2018-04-27T00:00:00.000Z",
                "firm": "BWS Financial",
                "toGrade": "Sell",
                "fromGrade": "Hold",
                "action": "down"
            },
            {
                "epochGradeDate": "2016-06-22T00:00:00.000Z",
                "firm": "Drexel Hamilton",
                "toGrade": "Buy",
                "fromGrade": "",
                "action": "init"
            },
            {
                "epochGradeDate": "2014-11-03T00:00:00.000Z",
                "firm": "BWS Financial",
                "toGrade": "Hold",
                "fromGrade": "Sell",
                "action": "up"
            },
            {
                "epochGradeDate": "2014-08-01T00:00:00.000Z",
                "firm": "Raymond James",
                "toGrade": "Outperform",
                "fromGrade": "",
                "action": "main"
            },
            {
                "epochGradeDate": "2014-05-01T00:00:00.000Z",
                "firm": "BWS Financial",
                "toGrade": "Sell",
                "fromGrade": "Hold",
                "action": "down"
            },
            {
                "epochGradeDate": "2013-01-23T00:00:00.000Z",
                "firm": "Stephens & Co.",
                "toGrade": "Equal-Weight",
                "fromGrade": "Overweight",
                "action": "down"
            }
        ],
        "maxAge": 86400
    },
    "price": {
        "maxAge": 1,
        "preMarketSource": "FREE_REALTIME",
        "postMarketChangePercent": 0,
        "postMarketChange": 0,
        "postMarketTime": "2023-01-06T21:01:59.000Z",
        "postMarketPrice": 46.57,
        "postMarketSource": "FREE_REALTIME",
        "regularMarketChangePercent": 0.021495933,
        "regularMarketChange": 0.97999954,
        "regularMarketTime": "2023-01-06T21:00:04.000Z",
        "priceHint": 2,
        "regularMarketPrice": 46.57,
        "regularMarketDayHigh": 46.92,
        "regularMarketDayLow": 46.2,
        "regularMarketVolume": 20413,
        "averageDailyVolume10Day": 36250,
        "averageDailyVolume3Month": 49338,
        "regularMarketPreviousClose": 45.59,
        "regularMarketSource": "FREE_REALTIME",
        "regularMarketOpen": 46.2,
        "exchange": "NMS",
        "exchangeName": "NasdaqGS",
        "exchangeDataDelayedBy": 0,
        "marketState": "CLOSED",
        "quoteType": "EQUITY",
        "symbol": "ATNI",
        "underlyingSymbol": null,
        "shortName": "ATN International, Inc.",
        "longName": "ATN International, Inc.",
        "currency": "USD",
        "quoteSourceName": "Nasdaq Real Time Price",
        "currencySymbol": "$",
        "fromCurrency": null,
        "lastMarket": null,
        "marketCap": 736914368
    },
    "defaultKeyStatistics": {
        "maxAge": 1,
        "priceHint": 2,
        "enterpriseValue": 1231829504,
        "forwardPE": 310.46664,
        "profitMargins": -0.03946,
        "floatShares": 10764237,
        "sharesOutstanding": 15823800,
        "sharesShort": 183785,
        "sharesShortPriorMonth": 200853,
        "sharesShortPreviousMonthDate": 1663200000,
        "dateShortInterest": 1665705600,
        "sharesPercentSharesOut": 0.0117,
        "heldPercentInsiders": 0.31239,
        "heldPercentInstitutions": 0.68321997,
        "shortRatio": 3.41,
        "shortPercentOfFloat": 0.020299999,
        "beta": 0.292925,
        "category": null,
        "bookValue": 40.409,
        "priceToBook": 1.152466,
        "fundFamily": null,
        "legalType": null,
        "lastFiscalYearEnd": "2021-12-31T00:00:00.000Z",
        "nextFiscalYearEnd": "2023-12-31T00:00:00.000Z",
        "mostRecentQuarter": "2022-09-30T00:00:00.000Z",
        "netIncomeToCommon": -30428000,
        "trailingEps": -0.66,
        "forwardEps": -0.99,
        "pegRatio": -10.06,
        "lastSplitFactor": "5:2",
        "lastSplitDate": "2006-04-03T00:00:00.000Z",
        "enterpriseToRevenue": 1.708,
        "enterpriseToEbitda": 7.384
    },
    "summaryProfile": {
        "address1": "500 Cummings Center",
        "address2": "Suite 2450",
        "city": "Beverly",
        "state": "MA",
        "zip": "01915",
        "country": "United States",
        "phone": "978 619 1300",
        "website": "https://www.atni.com",
        "industry": "Telecom Services",
        "sector": "Communication Services",
        "longBusinessSummary": "ATN International, Inc., through its subsidiaries, provides telecommunications services. It operates in three segments: International Telecom, US Telecom, and Renewable Energy. The International Telecom segment provides fixed data and voice; fixed, carrier, managed, and mobility services to customers in Bermuda, the Cayman Islands, Guyana, and the US Virgin Islands, as well as video services in Bermuda, the Cayman Islands, and the US Virgin Islands. This segment also offers mobile, data, and voice services to retail and business customers in Bermuda, Guyana, and US Virgin Islands under the One, GTT+, and Viya brands; roaming services; and handsets and accessories. The US Telecom segment provides carrier services, such as wholesale roaming services; fixed, mobility, carrier, and managed services to business and consumer; private network services to enterprise and consumer customers; and site maintenance services and international long-distance services, as well as leases critical network infrastructure, including towers and transport facilities. The Renewable Energy segment provides distributed generation solar power to commercial and industrial customers in India. As of December 31, 2021, it operated seven retail stores in the US Telecom segment and twenty-one retail stores in the International Telecom segment. The company was formerly known as Atlantic Tele-Network, Inc. and changed its name to ATN International, Inc. in June 2016. ATN International, Inc. was incorporated in 1987 and is headquartered in Beverly, Massachusetts.",
        "fullTimeEmployees": 2300,
        "companyOfficers": [],
        "maxAge": 86400
    },
    "financialData": {
        "maxAge": 86400,
        "currentPrice": 46.57,
        "recommendationMean": 1.7,
        "recommendationKey": "buy",
        "totalCash": 76714000,
        "totalCashPerShare": 4.867,
        "ebitda": 166824992,
        "totalDebt": 500076992,
        "quickRatio": 0.38,
        "currentRatio": 1.085,
        "totalRevenue": 721302016,
        "debtToEquity": 65.905,
        "revenuePerShare": 45.773,
        "returnOnAssets": 0.0074299998,
        "returnOnEquity": -0.03704,
        "grossProfits": 317330000,
        "freeCashflow": 6928875,
        "operatingCashflow": 111807000,
        "revenueGrowth": 0.093,
        "grossMargins": 0.54648,
        "ebitdaMargins": 0.23128,
        "operatingMargins": 0.02658,
        "profitMargins": -0.03946,
        "financialCurrency": "USD"
    }
}