{
    "info": {
        "Nasdaq_Traded": "Y",
        "Symbol": "BB",
        "Security_Name": "BlackBerry Limited Common Stock",
        "Listing_Exchange": "N",
        "Market_Category": "",
        "ETF": "N",
        "Round_Lot_Size": "100.0",
        "Test_Issue": "N",
        "Financial_Status": "",
        "CQS_Symbol": "BB",
        "NASDAQ_Symbol": "BB",
        "NextShares": "N"
    },
    "history": [],
    "recommendationTrend": {
        "trend": [
            {
                "period": "0m",
                "strongBuy": 0,
                "buy": 4,
                "hold": 10,
                "sell": 2,
                "strongSell": 0
            },
            {
                "period": "-1m",
                "strongBuy": 0,
                "buy": 0,
                "hold": 0,
                "sell": 0,
                "strongSell": 0
            },
            {
                "period": "-2m",
                "strongBuy": 0,
                "buy": 0,
                "hold": 0,
                "sell": 0,
                "strongSell": 0
            },
            {
                "period": "-3m",
                "strongBuy": 0,
                "buy": 4,
                "hold": 12,
                "sell": 2,
                "strongSell": 0
            }
        ],
        "maxAge": 86400
    },
    "summaryDetail": {
        "maxAge": 1,
        "priceHint": 4,
        "previousClose": 3.52,
        "open": 3.55,
        "dayLow": 3.4216,
        "dayHigh": 3.58,
        "regularMarketPreviousClose": 3.52,
        "regularMarketOpen": 3.55,
        "regularMarketDayLow": 3.4216,
        "regularMarketDayHigh": 3.58,
        "payoutRatio": 0,
        "beta": 1.223768,
        "forwardPE": 58.666668,
        "volume": 7190333,
        "regularMarketVolume": 7190333,
        "averageVolume": 7092206,
        "averageVolume10days": 9095430,
        "averageDailyVolume10Day": 9095430,
        "bid": 0,
        "ask": 0,
        "bidSize": 2200,
        "askSize": 4000,
        "marketCap": 2019339648,
        "fiftyTwoWeekLow": 3.17,
        "fiftyTwoWeekHigh": 9.35,
        "priceToSalesTrailing12Months": 2.8643115,
        "fiftyDayAverage": 4.3566,
        "twoHundredDayAverage": 5.48465,
        "currency": "USD",
        "fromCurrency": null,
        "lastMarket": null,
        "algorithm": null,
        "tradeable": false
    },
    "earnings": {
        "maxAge": 86400,
        "earningsChart": {
            "quarterly": [
                {
                    "date": "4Q2020",
                    "actual": 0.02,
                    "estimate": -0.01
                },
                {
                    "date": "1Q2021",
                    "actual": 0.03,
                    "estimate": 0.03
                },
                {
                    "date": "2Q2021",
                    "actual": -0.05,
                    "estimate": -0.05
                },
                {
                    "date": "3Q2021",
                    "actual": -0.06,
                    "estimate": -0.07
                }
            ],
            "currentQuarterEstimate": -0.07,
            "currentQuarterEstimateDate": "4Q",
            "currentQuarterEstimateYear": 2021,
            "earningsDate": [
                1680134400,
                1680998400
            ]
        },
        "financialsChart": {
            "yearly": [
                {
                    "date": 2019,
                    "revenue": 904000000,
                    "earnings": 93000000
                },
                {
                    "date": 2020,
                    "revenue": 1040000000,
                    "earnings": -152000000
                },
                {
                    "date": 2021,
                    "revenue": 893000000,
                    "earnings": -1104000000
                },
                {
                    "date": 2022,
                    "revenue": 718000000,
                    "earnings": 12000000
                }
            ],
            "quarterly": [
                {
                    "date": "4Q2021",
                    "revenue": 184000000,
                    "earnings": 74000000
                },
                {
                    "date": "1Q2022",
                    "revenue": 185000000,
                    "earnings": 144000000
                },
                {
                    "date": "2Q2022",
                    "revenue": 168000000,
                    "earnings": -181000000
                },
                {
                    "date": "3Q2022",
                    "revenue": 168000000,
                    "earnings": -54000000
                }
            ]
        },
        "financialCurrency": "USD"
    },
    "calendarEvents": {
        "maxAge": 1,
        "earnings": {
            "earningsDate": [
                1680134400,
                1680998400
            ],
            "earningsAverage": -0.07,
            "earningsLow": -0.1,
            "earningsHigh": -0.03,
            "revenueAverage": 177250000,
            "revenueLow": 169000000,
            "revenueHigh": 189000000
        }
    },
    "upgradeDowngradeHistory": {
        "history": [
            {
                "epochGradeDate": "2022-09-28T00:00:00.000Z",
                "firm": "Canaccord Genuity",
                "toGrade": "Hold",
                "fromGrade": "",
                "action": "main"
            },
            {
                "epochGradeDate": "2022-09-28T00:00:00.000Z",
                "firm": "RBC Capital",
                "toGrade": "Sector Perform",
                "fromGrade": "",
                "action": "main"
            },
            {
                "epochGradeDate": "2022-08-12T00:00:00.000Z",
                "firm": "Baird",
                "toGrade": "Neutral",
                "fromGrade": "",
                "action": "init"
            },
            {
                "epochGradeDate": "2022-06-24T00:00:00.000Z",
                "firm": "TD Securities",
                "toGrade": "Reduce",
                "fromGrade": "",
                "action": "main"
            },
            {
                "epochGradeDate": "2022-05-19T00:00:00.000Z",
                "firm": "RBC Capital",
                "toGrade": "Sector Perform",
                "fromGrade": "",
                "action": "main"
            },
            {
                "epochGradeDate": "2022-03-21T00:00:00.000Z",
                "firm": "RBC Capital",
                "toGrade": "Sector Perform",
                "fromGrade": "Underperform",
                "action": "up"
            },
            {
                "epochGradeDate": "2021-08-18T00:00:00.000Z",
                "firm": "Canaccord Genuity",
                "toGrade": "Hold",
                "fromGrade": "Sell",
                "action": "up"
            },
            {
                "epochGradeDate": "2021-06-25T00:00:00.000Z",
                "firm": "TD Securities",
                "toGrade": "Reduce",
                "fromGrade": "Hold",
                "action": "down"
            },
            {
                "epochGradeDate": "2021-06-25T00:00:00.000Z",
                "firm": "CIBC",
                "toGrade": "Underperform",
                "fromGrade": "Neutral",
                "action": "down"
            },
            {
                "epochGradeDate": "2021-06-25T00:00:00.000Z",
                "firm": "Canaccord Genuity",
                "toGrade": "Sell",
                "fromGrade": "Hold",
                "action": "down"
            },
            {
                "epochGradeDate": "2021-04-29T00:00:00.000Z",
                "firm": "Canaccord Genuity",
                "toGrade": "Hold",
                "fromGrade": "",
                "action": "main"
            },
            {
                "epochGradeDate": "2021-03-31T00:00:00.000Z",
                "firm": "Canaccord Genuity",
                "toGrade": "Hold",
                "fromGrade": "Sell",
                "action": "up"
            },
            {
                "epochGradeDate": "2021-02-16T00:00:00.000Z",
                "firm": "Canaccord Genuity",
                "toGrade": "Sell",
                "fromGrade": "Hold",
                "action": "down"
            },
            {
                "epochGradeDate": "2021-01-26T00:00:00.000Z",
                "firm": "RBC Capital",
                "toGrade": "Underperform",
                "fromGrade": "Sector Perform",
                "action": "down"
            },
            {
                "epochGradeDate": "2020-06-12T00:00:00.000Z",
                "firm": "B of A Securities",
                "toGrade": "Neutral",
                "fromGrade": "",
                "action": "main"
            },
            {
                "epochGradeDate": "2020-04-01T00:00:00.000Z",
                "firm": "Canaccord Genuity",
                "toGrade": "Hold",
                "fromGrade": "",
                "action": "main"
            },
            {
                "epochGradeDate": "2020-04-01T00:00:00.000Z",
                "firm": "CFRA",
                "toGrade": "Hold",
                "fromGrade": "",
                "action": "main"
            },
            {
                "epochGradeDate": "2020-04-01T00:00:00.000Z",
                "firm": "MKM Partners",
                "toGrade": "Neutral",
                "fromGrade": "",
                "action": "main"
            },
            {
                "epochGradeDate": "2019-11-04T00:00:00.000Z",
                "firm": "B of A Securities",
                "toGrade": "Neutral",
                "fromGrade": "Underperform",
                "action": "up"
            },
            {
                "epochGradeDate": "2019-10-24T00:00:00.000Z",
                "firm": "B of A Securities",
                "toGrade": "Underperform",
                "fromGrade": "",
                "action": "reit"
            },
            {
                "epochGradeDate": "2019-09-25T00:00:00.000Z",
                "firm": "Morgan Stanley",
                "toGrade": "Equal-Weight",
                "fromGrade": "",
                "action": "main"
            },
            {
                "epochGradeDate": "2019-09-25T00:00:00.000Z",
                "firm": "RBC Capital",
                "toGrade": "Sector Perform",
                "fromGrade": "",
                "action": "main"
            },
            {
                "epochGradeDate": "2019-09-24T00:00:00.000Z",
                "firm": "Scotiabank",
                "toGrade": "Sector Perform",
                "fromGrade": "Sector Outperform",
                "action": "down"
            },
            {
                "epochGradeDate": "2019-08-16T00:00:00.000Z",
                "firm": "Macquarie",
                "toGrade": "Neutral",
                "fromGrade": "",
                "action": "init"
            },
            {
                "epochGradeDate": "2019-06-27T00:00:00.000Z",
                "firm": "Canaccord Genuity",
                "toGrade": "Hold",
                "fromGrade": "",
                "action": "main"
            },
            {
                "epochGradeDate": "2018-12-21T00:00:00.000Z",
                "firm": "RBC Capital",
                "toGrade": "Sector Perform",
                "fromGrade": "Sector Perform",
                "action": "main"
            },
            {
                "epochGradeDate": "2018-12-21T00:00:00.000Z",
                "firm": "Canaccord Genuity",
                "toGrade": "Hold",
                "fromGrade": "Hold",
                "action": "main"
            },
            {
                "epochGradeDate": "2018-11-19T00:00:00.000Z",
                "firm": "CIBC",
                "toGrade": "Outperform",
                "fromGrade": "Neutral",
                "action": "up"
            },
            {
                "epochGradeDate": "2018-10-01T00:00:00.000Z",
                "firm": "Raymond James",
                "toGrade": "Market Perform",
                "fromGrade": "Market Perform",
                "action": "main"
            },
            {
                "epochGradeDate": "2018-06-25T00:00:00.000Z",
                "firm": "Canaccord Genuity",
                "toGrade": "Hold",
                "fromGrade": "Hold",
                "action": "main"
            },
            {
                "epochGradeDate": "2017-10-17T00:00:00.000Z",
                "firm": "Canaccord Genuity",
                "toGrade": "Hold",
                "fromGrade": "",
                "action": "main"
            }
        ],
        "maxAge": 86400
    },
    "price": {
        "maxAge": 1,
        "preMarketSource": "FREE_REALTIME",
        "postMarketChangePercent": 0.0028409064,
        "postMarketChange": 0.00999999,
        "postMarketTime": "2023-01-07T00:55:38.000Z",
        "postMarketPrice": 3.53,
        "postMarketSource": "DELAYED",
        "regularMarketChangePercent": 0,
        "regularMarketChange": 0,
        "regularMarketTime": "2023-01-06T21:00:02.000Z",
        "priceHint": 4,
        "regularMarketPrice": 3.52,
        "regularMarketDayHigh": 3.58,
        "regularMarketDayLow": 3.4216,
        "regularMarketVolume": 7190333,
        "averageDailyVolume10Day": 9095430,
        "averageDailyVolume3Month": 7092206,
        "regularMarketPreviousClose": 3.52,
        "regularMarketSource": "DELAYED",
        "regularMarketOpen": 3.55,
        "exchange": "NYQ",
        "exchangeName": "NYSE",
        "exchangeDataDelayedBy": 0,
        "marketState": "CLOSED",
        "quoteType": "EQUITY",
        "symbol": "BB",
        "underlyingSymbol": null,
        "shortName": "BlackBerry Limited",
        "longName": "BlackBerry Limited",
        "currency": "USD",
        "quoteSourceName": "Delayed Quote",
        "currencySymbol": "$",
        "fromCurrency": null,
        "lastMarket": null,
        "marketCap": 2019339648
    },
    "defaultKeyStatistics": {
        "maxAge": 1,
        "priceHint": 4,
        "enterpriseValue": 2500697600,
        "forwardPE": -117.333336,
        "profitMargins": -0.02411,
        "floatShares": 491445116,
        "sharesOutstanding": 573676032,
        "sharesShort": 37445305,
        "sharesShortPriorMonth": 33031982,
        "sharesShortPreviousMonthDate": 1663200000,
        "dateShortInterest": 1665705600,
        "sharesPercentSharesOut": 0.064899996,
        "heldPercentInsiders": 0.01698,
        "heldPercentInstitutions": 0.46637002,
        "shortRatio": 5.17,
        "shortPercentOfFloat": 0.0718,
        "beta": 1.223768,
        "category": null,
        "bookValue": 2.66,
        "priceToBook": 1.3233082,
        "fundFamily": null,
        "legalType": null,
        "lastFiscalYearEnd": "2022-02-28T00:00:00.000Z",
        "nextFiscalYearEnd": "2024-02-28T00:00:00.000Z",
        "mostRecentQuarter": "2022-08-31T00:00:00.000Z",
        "netIncomeToCommon": -17000000,
        "trailingEps": -1.97,
        "forwardEps": 0.06,
        "pegRatio": 2.45,
        "lastSplitFactor": "3:1",
        "lastSplitDate": "2007-08-21T00:00:00.000Z",
        "enterpriseToRevenue": 3.547,
        "enterpriseToEbitda": -32.06
    },
    "summaryProfile": {
        "address1": "2200 University Avenue East",
        "city": "Waterloo",
        "state": "ON",
        "zip": "N2K 0A7",
        "country": "Canada",
        "website": "https://www.blackberry.com",
        "industry": "Softwareâ€”Infrastructure",
        "sector": "Technology",
        "longBusinessSummary": "BlackBerry Limited provides intelligent security software and services to enterprises and governments worldwide. The company operates through three segments: Cybersecurity, IoT, and Licensing and Other. The company offers BlackBerry Cyber Suite, which provides Cylance AI and machine learning-based cybersecurity solutions, including BlackBerry Protect, an EPP and available MTD solution; BlackBerry Optics, an EDR solution that provides visibility into and prevention of malicious activity; BlackBerry Guard, a managed detection and response solution; BlackBerry Gateway, an AI-empowered ZTNA solution; and BlackBerry Persona, a UEBA solution that provides authentication by validating user identity in real time. It also provides BlackBerry Spark Unified Endpoint Management Suite, such as BlackBerry UEM, a central software component of its secure communications platform; BlackBerry Dynamics that provides a development platform and secure container for mobile applications; BlackBerry AtHoc and BlackBerry Alert secure and networked critical event management solutions; and SecuSUITE for Government, a multi-OS voice and text messaging solution, as well as BBM Enterprise, an enterprise-grade secure instant messaging solution. In addition, the company offers BlackBerry QNX, which provides Neutrino operating system and BlackBerry QNX CAR platform, and other products; BlackBerry QNX, an embedded system solution; BlackBerry Jarvis, a cloud-based binary static application security testing platform; BlackBerry Certicom cryptography and management products, and BlackBerry Radar asset monitoring solution; and BlackBerry IVY, an intelligent vehicle data platform, as well as enterprise and cybersecurity consulting services. Further, it is involved in the patent licensing and legacy service access fees business. As of February 28, 2022, it owned approximately 38,000 worldwide patents and applications. BlackBerry Limited was incorporated in 1984 and is headquartered in Waterloo, Canada.",
        "fullTimeEmployees": 3325,
        "companyOfficers": [],
        "maxAge": 86400
    },
    "financialData": {
        "maxAge": 86400,
        "currentPrice": 3.52,
        "targetHighPrice": 10,
        "targetLowPrice": 4.5,
        "targetMeanPrice": 8.29,
        "targetMedianPrice": 9,
        "recommendationMean": 3.9,
        "recommendationKey": "underperform",
        "numberOfAnalystOpinions": 7,
        "totalCash": 643000000,
        "totalCashPerShare": 1.114,
        "ebitda": -78000000,
        "totalDebt": 528000000,
        "quickRatio": 1.486,
        "currentRatio": 1.822,
        "totalRevenue": 705000000,
        "debtToEquity": 39.699,
        "revenuePerShare": 1.225,
        "returnOnAssets": -0.05336,
        "returnOnEquity": -0.01284,
        "grossProfits": 467000000,
        "freeCashflow": 13500000,
        "operatingCashflow": -76000000,
        "revenueGrowth": -0.04,
        "grossMargins": 0.63972,
        "ebitdaMargins": -0.110640004,
        "operatingMargins": -0.30355,
        "profitMargins": -0.02411,
        "financialCurrency": "USD"
    }
}