{
    "info": {
        "Nasdaq_Traded": "Y",
        "Symbol": "BELFA",
        "Security_Name": "Bel Fuse Inc. - Class A Common Stock",
        "Listing_Exchange": "Q",
        "Market_Category": "Q",
        "ETF": "N",
        "Round_Lot_Size": "100.0",
        "Test_Issue": "N",
        "Financial_Status": "N",
        "CQS_Symbol": "",
        "NASDAQ_Symbol": "BELFA",
        "NextShares": "N"
    },
    "history": [],
    "recommendationTrend": {
        "trend": [
            {
                "period": "0m",
                "strongBuy": 0,
                "buy": 0,
                "hold": 0,
                "sell": 0,
                "strongSell": 0
            },
            {
                "period": "-1m",
                "strongBuy": 0,
                "buy": 1,
                "hold": 0,
                "sell": 0,
                "strongSell": 0
            },
            {
                "period": "-2m",
                "strongBuy": 0,
                "buy": 1,
                "hold": 0,
                "sell": 0,
                "strongSell": 0
            },
            {
                "period": "-3m",
                "strongBuy": 0,
                "buy": 1,
                "hold": 0,
                "sell": 0,
                "strongSell": 0
            }
        ],
        "maxAge": 86400
    },
    "summaryDetail": {
        "maxAge": 1,
        "priceHint": 2,
        "previousClose": 29.82,
        "open": 30.21,
        "dayLow": 30.21,
        "dayHigh": 30.7971,
        "regularMarketPreviousClose": 29.82,
        "regularMarketOpen": 30.21,
        "regularMarketDayLow": 30.21,
        "regularMarketDayHigh": 30.7971,
        "dividendRate": 0.24,
        "dividendYield": 0.0078,
        "exDividendDate": "2022-10-13T00:00:00.000Z",
        "payoutRatio": 0.083000004,
        "fiveYearAvgDividendYield": 1.54,
        "trailingPE": 19.08297,
        "forwardPE": 29.413464,
        "volume": 685,
        "regularMarketVolume": 685,
        "averageVolume": 4698,
        "averageVolume10days": 4130,
        "averageDailyVolume10Day": 4130,
        "bid": 28.22,
        "ask": 33.48,
        "bidSize": 1000,
        "askSize": 1100,
        "marketCap": 346841664,
        "fiftyTwoWeekLow": 14.35,
        "fiftyTwoWeekHigh": 38,
        "priceToSalesTrailing12Months": 0.5486499,
        "fiftyDayAverage": 33.394,
        "twoHundredDayAverage": 27.18845,
        "trailingAnnualDividendRate": 0.28,
        "trailingAnnualDividendYield": 0.0093896715,
        "currency": "USD",
        "fromCurrency": null,
        "lastMarket": null,
        "algorithm": null,
        "tradeable": false
    },
    "earnings": {
        "maxAge": 86400,
        "earningsChart": {
            "quarterly": [
                {
                    "date": "3Q2020",
                    "actual": 0.62,
                    "estimate": 0.07
                },
                {
                    "date": "4Q2020",
                    "actual": 0.2,
                    "estimate": 0.14
                },
                {
                    "date": "1Q2021",
                    "actual": -0.23,
                    "estimate": 0.02
                },
                {
                    "date": "2Q2021",
                    "actual": 0.68,
                    "estimate": 0.34
                }
            ],
            "currentQuarterEstimateDate": "3Q",
            "currentQuarterEstimateYear": 2021,
            "earningsDate": [
                1677024000,
                1677456000
            ]
        },
        "financialsChart": {
            "yearly": [
                {
                    "date": 2018,
                    "revenue": 548184000,
                    "earnings": 20709000
                },
                {
                    "date": 2019,
                    "revenue": 492412000,
                    "earnings": -8743000
                },
                {
                    "date": 2020,
                    "revenue": 465771000,
                    "earnings": 12795000
                },
                {
                    "date": 2021,
                    "revenue": 543494000,
                    "earnings": 24821000
                }
            ],
            "quarterly": [
                {
                    "date": "4Q2021",
                    "revenue": 147143000,
                    "earnings": 8008000
                },
                {
                    "date": "1Q2022",
                    "revenue": 136718000,
                    "earnings": 5064000
                },
                {
                    "date": "2Q2022",
                    "revenue": 170572000,
                    "earnings": 17038000
                },
                {
                    "date": "3Q2022",
                    "revenue": 177739000,
                    "earnings": 16548000
                }
            ]
        },
        "financialCurrency": "USD"
    },
    "calendarEvents": {
        "maxAge": 1,
        "earnings": {
            "earningsDate": [
                1677024000,
                1677456000
            ],
            "revenueAverage": 130000000,
            "revenueLow": 130000000,
            "revenueHigh": 130000000
        },
        "exDividendDate": "2022-10-13T00:00:00.000Z",
        "dividendDate": "2023-02-01T00:00:00.000Z"
    },
    "upgradeDowngradeHistory": {
        "history": [
            {
                "epochGradeDate": "2022-07-29T00:00:00.000Z",
                "firm": "Needham",
                "toGrade": "Buy",
                "fromGrade": "",
                "action": "main"
            },
            {
                "epochGradeDate": "2022-02-28T00:00:00.000Z",
                "firm": "Needham",
                "toGrade": "Buy",
                "fromGrade": "",
                "action": "main"
            },
            {
                "epochGradeDate": "2021-05-04T00:00:00.000Z",
                "firm": "Needham",
                "toGrade": "Buy",
                "fromGrade": "",
                "action": "main"
            },
            {
                "epochGradeDate": "2021-02-19T00:00:00.000Z",
                "firm": "Needham",
                "toGrade": "Buy",
                "fromGrade": "",
                "action": "main"
            },
            {
                "epochGradeDate": "2020-08-03T00:00:00.000Z",
                "firm": "Needham",
                "toGrade": "Buy",
                "fromGrade": "",
                "action": "main"
            },
            {
                "epochGradeDate": "2020-03-17T00:00:00.000Z",
                "firm": "Stephens & Co.",
                "toGrade": "Buy",
                "fromGrade": "",
                "action": "main"
            },
            {
                "epochGradeDate": "2020-03-17T00:00:00.000Z",
                "firm": "Needham",
                "toGrade": "Buy",
                "fromGrade": "",
                "action": "main"
            },
            {
                "epochGradeDate": "2020-01-21T00:00:00.000Z",
                "firm": "Needham",
                "toGrade": "Buy",
                "fromGrade": "",
                "action": "main"
            },
            {
                "epochGradeDate": "2017-01-19T00:00:00.000Z",
                "firm": "B. Riley Securities",
                "toGrade": "Buy",
                "fromGrade": "",
                "action": "init"
            },
            {
                "epochGradeDate": "2017-01-18T00:00:00.000Z",
                "firm": "B. Riley",
                "toGrade": "Buy",
                "fromGrade": "",
                "action": "init"
            },
            {
                "epochGradeDate": "2013-07-31T00:00:00.000Z",
                "firm": "Needham",
                "toGrade": "Buy",
                "fromGrade": "Hold",
                "action": "up"
            },
            {
                "epochGradeDate": "2013-02-14T00:00:00.000Z",
                "firm": "Needham",
                "toGrade": "Hold",
                "fromGrade": "Buy",
                "action": "down"
            }
        ],
        "maxAge": 86400
    },
    "price": {
        "maxAge": 1,
        "preMarketSource": "DELAYED",
        "regularMarketChangePercent": 0.025821611,
        "regularMarketChange": 0.77000046,
        "regularMarketTime": "2023-01-06T21:00:01.000Z",
        "priceHint": 2,
        "regularMarketPrice": 30.59,
        "regularMarketDayHigh": 30.7971,
        "regularMarketDayLow": 30.21,
        "regularMarketVolume": 685,
        "averageDailyVolume10Day": 4130,
        "averageDailyVolume3Month": 4698,
        "regularMarketPreviousClose": 29.82,
        "regularMarketSource": "DELAYED",
        "regularMarketOpen": 30.21,
        "exchange": "NMS",
        "exchangeName": "NasdaqGS",
        "exchangeDataDelayedBy": 0,
        "marketState": "CLOSED",
        "quoteType": "EQUITY",
        "symbol": "BELFA",
        "underlyingSymbol": null,
        "shortName": "Bel Fuse Inc.",
        "longName": "Bel Fuse Inc.",
        "currency": "USD",
        "quoteSourceName": "Delayed Quote",
        "currencySymbol": "$",
        "fromCurrency": null,
        "lastMarket": null,
        "marketCap": 346841664
    },
    "defaultKeyStatistics": {
        "maxAge": 1,
        "priceHint": 2,
        "enterpriseValue": 444446592,
        "profitMargins": 0.0738,
        "floatShares": 11841424,
        "sharesOutstanding": 2144910,
        "sharesShort": 48476,
        "sharesShortPriorMonth": 52910,
        "sharesShortPreviousMonthDate": 1663200000,
        "dateShortInterest": 1665705600,
        "sharesPercentSharesOut": 0.0039,
        "heldPercentInsiders": 0.18396999,
        "heldPercentInstitutions": 0.40872002,
        "shortRatio": 24.3,
        "shortPercentOfFloat": 0.0363,
        "category": null,
        "bookValue": 15.089,
        "priceToBook": 2.0273046,
        "fundFamily": null,
        "legalType": null,
        "lastFiscalYearEnd": "2021-12-31T00:00:00.000Z",
        "nextFiscalYearEnd": "2023-12-31T00:00:00.000Z",
        "mostRecentQuarter": "2022-09-30T00:00:00.000Z",
        "earningsQuarterlyGrowth": 1.886,
        "netIncomeToCommon": 46657000,
        "trailingEps": 1.603,
        "forwardEps": 1.04,
        "lastSplitFactor": "2:1",
        "lastSplitDate": "1999-12-02T00:00:00.000Z",
        "enterpriseToRevenue": 0.703,
        "enterpriseToEbitda": 5.771
    },
    "summaryProfile": {
        "address1": "206 Van Vorst Street",
        "city": "Jersey City",
        "state": "NJ",
        "zip": "07302",
        "country": "United States",
        "phone": "201 432 0463",
        "website": "https://www.belfuse.com",
        "industry": "Electronic Components",
        "sector": "Technology",
        "longBusinessSummary": "Bel Fuse Inc. designs, manufactures, markets, and sells products that are used in the networking, telecommunication, high-speed data transmission, commercial aerospace, military, broadcasting, transportation, e-Mobility and broadcasting, and consumer electronic industries in the United States, Macao, the United Kingdom, Slovakia, Germany, Switzerland, and internationally. It offers magnetic products, such as integrated connector modules; power transformers; SMD power inductors and SMPS transformers; and ethernet discrete components. The company also provides power solutions and protection products comprising front-end power supplies; board-mount power; industrial power; external power; and circuit protection products. In addition, it offers connectivity solutions, which includes expanded beam fiber optic connectors, cable assemblies, and active optical devices; copper-based connectors/cable assemblies; radio frequency connectors, cable assemblies, microwave devices, and low loss cables; and ethernet, I/O, and industrial and power connectivity. The company sells its products under the Bel, TRP Connector, MagJack, Signal, Bel Power Solutions, Melcher, CUI, Stratos, Fibreco, Cinch, Johnson, Trompeter, Midwest Microwave, Semflex, and Stewart Connector brands through direct strategic account managers, regional sales managers working with independent sales representative organizations, and authorized distributors. Bel Fuse Inc. was incorporated in 1949 and is headquartered in Jersey City, New Jersey.",
        "fullTimeEmployees": 6300,
        "companyOfficers": [],
        "maxAge": 86400
    },
    "financialData": {
        "maxAge": 86400,
        "currentPrice": 30.59,
        "recommendationMean": 2,
        "recommendationKey": "buy",
        "totalCash": 70895000,
        "totalCashPerShare": 5.68,
        "ebitda": 77013000,
        "totalDebt": 130896000,
        "quickRatio": 1.27,
        "currentRatio": 2.753,
        "totalRevenue": 632172992,
        "debtToEquity": 55.457,
        "revenuePerShare": 50.602,
        "returnOnAssets": 0.07276,
        "returnOnEquity": 0.21391001,
        "grossProfits": 134383000,
        "earningsGrowth": 1.87,
        "revenueGrowth": 0.209,
        "grossMargins": 0.26925,
        "ebitdaMargins": 0.12182,
        "operatingMargins": 0.09589,
        "profitMargins": 0.0738,
        "financialCurrency": "USD"
    }
}